<?xml version="1.0" encoding="UTF-8"?><record xmlns="http://www.loc.gov/MARC21/slim" xmlns:cinclude="http://apache.org/cocoon/include/1.0" xmlns:zs="http://www.loc.gov/zing/srw/">
  <leader>00410nz  a2200133n  4500</leader>
  <controlfield tag="001">no2009161438</controlfield>
  <controlfield tag="003">DLC</controlfield>
  <controlfield tag="005">20091013145415.0</controlfield>
  <controlfield tag="008">091008n| acannaabn          |n ana      </controlfield>
  <datafield tag="010" ind1=" " ind2=" ">
    <subfield code="a">no2009161438</subfield>
  </datafield>
  <datafield tag="035" ind1=" " ind2=" ">
    <subfield code="a">(OCoLC)oca08266621</subfield>
  </datafield>
  <datafield tag="040" ind1=" " ind2=" ">
    <subfield code="a">Nz</subfield>
    <subfield code="b">eng</subfield>
    <subfield code="c">Nz</subfield>
  </datafield>
  <datafield tag="110" ind1="2" ind2=" ">
    <subfield code="a">Burnside High School</subfield>
  </datafield>
  <datafield tag="670" ind1=" " ind2=" ">
    <subfield code="a">Burnside High School : the first 25 years, 1960-1985, 1985:</subfield>
    <subfield code="b">t.p. (Burnside High School) p. 4 (Christchurch [N.Z.])</subfield>
  </datafield>
</record>